@misc{sveltecommunity_2023_svelte,
  author       = {Svelte Community},
  month        = {03},
  publisher    = {Svelte},
  title        = {Svelte Documentation},
  url          = {https://svelte.dev/docs},
  urldate      = {2023-03-19},
  year         = {2023},
  organization = {svelte.dev}
}

@book{sletten_2021_webassembly,
  author    = {Sletten, Brain},
  month     = {12},
  publisher = {O’Reilly Media, Inc.},
  title     = {{WebAssembly: the Definitive Guide}},
  year      = {2021}
}

@misc{cohen_2020_go,
  author       = {Cohen, Omri},
  month        = {10},
  title        = {{Go WebAssembly Performance Benchmark}},
  url          = {https://dev.bitolog.com/go-webassembly-performance-benchmark/},
  urldate      = {2023-04-01},
  year         = {2020},
  organization = {Bitolog}
}

@misc{secondstate_2021_rust,
  author       = {Second State},
  title        = {{Rust and WebAssembly Serverless Functions in Vercel}},
  url          = {https://www.secondstate.io/articles/vercel-wasmedge-webassembly-rust/},
  year         = {2021},
  organization = {Second State}
}

@misc{fitzgerald_2021_wizer,
  author       = {Fitzgerald, Nick},
  month        = {05},
  title        = {{Wizer: Hit the Ground running: Wasm Snapshots for Fast Start up}},
  url          = {https://fitzgeraldnick.com/2021/05/10/wasm-summit-2021.html},
  urldate      = {2023-03-19},
  year         = {2021},
  organization = {fitzgeraldnick.com}
}

@misc{overton_2022_better,
  author  = {Overton, William},
  month   = {05},
  title   = {{Better Serverless Computing with WebAssembly}},
  url     = {https://www.infoq.com/presentations/webassembly-edge-wasi/},
  urldate = {2023-03-19},
  year    = {2022}
}

@misc{veloso_2022_preventing,
  author       = {Veloso, Vasco},
  month        = {09},
  title        = {{Preventing Serverless Vendor lock-in with Design Patterns}},
  url          = {https://www.infoq.com/news/2022/09/design-patterns-serverless/},
  urldate      = {2023-03-19},
  year         = {2022},
  organization = {InfoQ}
}

@book{hofmann_2019_programming,
  author    = {Hofmann, Kevin},
  month     = {03},
  publisher = {Oreilly},
  title     = {Programming WebAssembly with Rust},
  year      = {2019}
}

@misc{webassemblycommunitygroup_2023_webassembly,
  author  = {WebAssembly Community Group},
  editor  = {Rossberg, Andreas},
  month   = {03},
  title   = {WebAssembly Specification (Release 2.0 draft)},
  url     = {https://webassembly.github.io/spec},
  urldate = {2023-03-19},
  year    = {2023}
}

@misc{guest_2013_oracle,
  author       = {Guest, Oracle},
  month        = {09},
  title        = {Oracle BrandVoice: Adopting cloud computing: Seeing the forest for the trees},
  url          = {https://www.forbes.com/sites/oracle/2013/09/20/adopting-cloud-computing-seeing-the-forest-for-the-trees/},
  urldate      = {2023-03-19},
  year         = {2013},
  organization = {Forbes}
}

@proceedings{oparamartins_2014_critical,
  author       = {Opara-Martins, Justice and Sahandi, Reza and Tian, Feng},
  month        = {11},
  title        = {Critical Review of Vendor lock-in and Its Impact on Adoption of Cloud Computing},
  url          = {https://www.researchgate.net/publication/272015526_Critical_Review_of_Vendor_Lock-in_and_its_Impact_on_Adoption_of_Cloud_Computing},
  urldate      = {2023-03-19},
  year         = {2014},
  organization = {Research Gate}
}

@proceedings{gackstatter_2022_pushing,
  author       = {Gackstatter, Philipp and Frangoudis, Pantelis A.},
  editor       = {Dustdar, Schahram},
  month        = {05},
  pages        = {140–149},
  publisher    = {IEEE Computer Society},
  title        = {Pushing Serverless to the Edge with WebAssembly Runtimes},
  doi          = {10.1109/CCGrid54584.2022.00023},
  url          = {10.1109/CCGrid54584.2022.00023},
  year         = {2022},
  organization = {IEEE}
}

@misc{sveltecommunity_2023_adapter,
  author       = {Svelte Community},
  month        = {04},
  publisher    = {SvelteKit},
  title        = {{Adapter Documentation SvelteKit}},
  url          = {https://kit.svelte.dev/docs/adapters},
  urldate      = {2023-04-01},
  year         = {2023},
  organization = {SvelteKit}
}

@misc{a2021_isolate,
  month        = {10},
  title        = {Isolate {V8} class reference},
  url          = {https://v8docs.nodesource.com/node-0.8/d5/dda/classv8_1_1_isolate.html},
  urldate      = {2023-03-19},
  year         = {2021},
  organization = {V8 Source Code Documentation}
}

@misc{cloudflareinc_2023_how,
  author       = {Cloudflare Inc.},
  month        = {01},
  publisher    = {Cloudflare, Inc.},
  title        = {{How Workers work · Cloudflare Workers Docs}},
  url          = {https://developers.cloudflare.com/workers/learning/how-workers-works/},
  urldate      = {2023-03},
  year         = {2023},
  organization = {Cloudflare}
}

@misc{randall_2021_wasmcloud,
  author       = {Randall, Liam},
  month        = {08},
  publisher    = {Cosmonic},
  title        = {WasmCloud Joins Cloud Native Computing Foundation as Sandbox Project | Cosmonic},
  url          = {https://cosmonic.com/blog/cosmonic-donates-wasmcloud-to-the-cloud-native-computing-foundation/},
  urldate      = {2023-03-25},
  year         = {2021},
  organization = {Cosmonic.com}
}

@misc{partovi_2020_eliminating,
  author       = {Partovi, Ashcon},
  month        = {07},
  publisher    = {The Cloudflare Blog},
  title        = {{Eliminating Cold Starts with Cloudflare Workers}},
  url          = {https://blog.cloudflare.com/eliminating-cold-starts-with-cloudflare-workers/},
  urldate      = {2023-03-25},
  year         = {2020},
  organization = {The Cloudflare Blog}
}

@misc{mell_2011_the,
  author    = {Mell, Peter and Grance, Timothy},
  month     = {09},
  publisher = {National Institute of Standards and Technology},
  title     = {{The NIST Definition of Cloud Computing Recommendations of the National Institute of Standards and Technology}},
  url       = {https://nvlpubs.nist.gov/nistpubs/Legacy/SP/nistspecialpublication800-145.pdf},
  urldate   = {2023-03-25},
  year      = {2011}
}

@misc{webassembly_2023_webassemblywasi,
  author       = {WebAssembly},
  month        = {03},
  title        = {{WebAssembly/WASI}: WebAssembly System Interface},
  url          = {https://github.com/WebAssembly/WASI},
  urldate      = {2023-03-26},
  year         = {2023},
  organization = {GitHub}
}

@misc{clark_2021_making,
  author       = {Clark, Lin},
  month        = {06},
  title        = {{Making JavaScript run fast on WebAssembly}},
  url          = {https://bytecodealliance.org/articles/making-javascript-run-fast-on-webassembly},
  urldate      = {2023-03-30},
  year         = {2021},
  organization = {Bytecode Alliance}
}

@misc{fitzgerald_2019_multivalue,
  author       = {Fitzgerald, Nick},
  month        = {11},
  title        = {{Multi-Value All the Wasm!}},
  url          = {https://bytecodealliance.org/articles/multi-value-all-the-wasm},
  urldate      = {2023-03-30},
  year         = {2019},
  organization = {Bytecode Alliance}
}

@misc{webassemblyworkersgroup_2017_roadmap,
  author       = {WebAssembly Workers Group and WebAssembly Community Group},
  title        = {{Roadmap - WebAssembly}},
  url          = {https://webassembly.org/roadmap/},
  urldate      = {2023-03-30},
  year         = {2017},
  organization = {Webassembly.org}
}

@misc{clark_2019_standardising,
  author       = {Clark, Lin},
  month        = {03},
  title        = {Standardising {WASI}: a System Interface to Run WebAssembly outside the Web},
  url          = {https://hacks.mozilla.org/2019/03/standardizing-wasi-a-webassembly-system-interface/},
  urldate      = {2023-03-30},
  year         = {2019},
  organization = {Mozilla Hacks – the Web Developer Blog}
}

@misc{zakai_2019_outside,
  author       = {Zakai, Alon},
  month        = {11},
  title        = {{Outside the web: standalone WebAssembly binaries using Emscripten · V8}},
  url          = {https://v8.dev/blog/emscripten-standalone-wasm},
  urldate      = {2023-04-11},
  year         = {2019},
  organization = {v8.dev}
}

@misc{emscriptencommunity_2023_emscripten,
  author       = {Emscripten Community},
  month        = {03},
  title        = {{Emscripten Documentation}},
  url          = {https://emscripten.org/docs/introducing_emscripten/about_emscripten.html},
  urldate      = {2023-04-11},
  year         = {2023},
  organization = {emscripten.org}
}

@misc{zakai_2013_gap,
  author       = {Zakai, Alon and Nyman, Robert},
  month        = {12},
  title        = {{Gap between asm.js and native performance gets even narrower with float32 optimizations – Mozilla Hacks - the Web developer blog}},
  url          = {https://hacks.mozilla.org/2013/12/gap-between-asm-js-and-native-performance-gets-even-narrower-with-float32-optimizations/},
  year         = {2013},
  organization = {Mozilla Hacks – the Web Developer Blog}
}

@misc{clark_2022_wasmtime,
  author       = {Clark, Lin},
  month        = {09},
  title        = {Wasmtime Reaches 1.0: Fast, Safe and Production Ready!},
  url          = {https://bytecodealliance.org/articles/wasmtime-1-0-fast-safe-and-production-ready},
  urldate      = {2023-04-28},
  year         = {2022},
  organization = {\hbox{Bytecode} Alliance}
}

@misc{fitzgerald_2021_hit,
  author       = {Fitzgerald, Nick},
  month        = {05},
  title        = {{Hit the Ground Running: Wasm Snapshots for Fast Start Up}},
  url          = {https://fitzgeraldnick.com/2021/05/10/wasm-summit-2021.html},
  urldate      = {2023-04-30},
  year         = {2021},
  organization = {fitzgeraldnick.com}
}

@misc{bytecodealliance_2023_wizer,
  author       = {Bytecode Alliance},
  month        = {04},
  title        = {{Wizer Github Repository}},
  url          = {https://github.com/bytecodealliance/wizer},
  urldate      = {2023-04-30},
  year         = {2023},
  organization = {GitHub}
}

@misc{webassemblywg_2023_webassembly,
  author       = {WebAssembly WG},
  month        = {04},
  title        = {{WebAssembly proposals}},
  url          = {https://github.com/WebAssembly/proposals},
  urldate      = {2023-05-07},
  year         = {2023},
  organization = {WebAssembly GitHub Page}
}

@misc{clark_2017_what,
  author       = {Clark, Lin},
  month        = {02},
  title        = {{What makes WebAssembly fast? – Mozilla Hacks - the Web developer blog}},
  url          = {https://hacks.mozilla.org/2017/02/what-makes-webassembly-fast/},
  urldate      = {2023-05-13},
  year         = {2017},
  organization = {Mozilla Hacks – the Web developer blog}
}

@misc{mozillacorporation_2023_webassembly,
  author       = {Mozilla Corporation},
  month        = {03},
  title        = {{WebAssembly Concepts - WebAssembly | MDN}},
  url          = {https://developer.mozilla.org/en-US/docs/WebAssembly/Concepts},
  year         = {2023},
  organization = {MDN Web Docs}
}

@misc{webassembly_2020_webassemblywabt,
  author       = {WebAssembly},
  month        = {06},
  publisher    = {WebAssembly},
  title        = {{WebAssembly/wabt}},
  url          = {https://github.com/WebAssembly/wabt},
  urldate      = {2023-05-14},
  year         = {2020},
  organization = {Wabt project}
}

@misc{webassemblyw3c_2023_webassembly,
  author       = {WebAssembly & W3C},
  month        = {05},
  title        = {{WebAssembly W3C Proposal Process}},
  url          = {https://github.com/WebAssembly/meetings/blob/main/process/phases.md},
  urldate      = {2023-05-16},
  year         = {2023},
  organization = {WebAssembly / Meetings GitHub Repository}
}

@misc{akinyemi_2023_awesome,
  author       = {Akinyemi, Stephen},
  month        = {05},
  title        = {{Awesome \hbox{WebAssembly} Runtimes}},
  url          = {https://github.com/appcypher/awesome-wasm-runtimes},
  urldate      = {2023-05-17},
  year         = {2023},
  organization = {GitHub / Awesome \hbox{WebAssembly} Runtimes}
}

@misc{mozillacorporation_2023_understanding,
  author       = {Mozilla Corporation},
  month        = {02},
  title        = {{Understanding WebAssembly text format}},
  url          = {https://developer.mozilla.org/en-US/docs/WebAssembly/Understanding_the_text_format},
  urldate      = {2023-05-17},
  year         = {2023},
  organization = {MDN Web Docs / WebAssembly}
}

@misc{bytecodealliance_2022_wasmtime,
  author       = {Bytecode Alliance},
  month        = {11},
  title        = {{Wasmtime}},
  url          = {https://github.com/bytecodealliance/wasmtime},
  urldate      = {2023-05-22},
  year         = {2022},
  organization = {GitHub / Wasmtime Repository}
}

@misc{wasmerinc_2023_wasmer,
  author       = {Wasmer Inc.},
  month        = {05},
  title        = {{Wasmer}},
  url          = {https://github.com/wasmerio/wasmer},
  urldate      = {2023-05-22},
  year         = {2023},
  organization = {GitHub / Wasmer Repository}
}

@misc{shymanskyy_2023_wasm3,
  author       = {Shymanskyy, Volodymyr and Massey, Steven and Graey, Max},
  month        = {05},
  title        = {{Wasm3}},
  url          = {https://github.com/wasm3/wasm3},
  urldate      = {2023-05-22},
  year         = {2023},
  organization = {GitHub / Wasm3}
}

@misc{he_2023_wasmedge,
  author       = {He, Yi-Ying and WasmEdge},
  month        = {05},
  title        = {{WasmEdge}},
  url          = {https://github.com/WasmEdge/WasmEdge},
  urldate      = {2023-05-22},
  year         = {2023},
  organization = {GitHub / WasmEdge}
}

@misc{cloudnativecomputingfoundation_2023_cloud,
  author       = {Cloud Native Computing Foundation},
  month        = {05},
  title        = {{Cloud Native Computing Foundation}},
  url          = {https://www.cncf.io},
  urldate      = {2023-05-23},
  year         = {2023},
  organization = {Cloud Native Computing Foundation (CNCF)}
}

@misc{butcher_2023_the,
  author       = {Butcher, Matt and Matei, Radu},
  month        = {01},
  publisher    = {InfoQ},
  title        = {{The Six Ways of Optimizing WebAssembly}},
  url          = {https://www.infoq.com/articles/six-ways-optimize-webassembly},
  urldate      = {2023-05-23},
  year         = {2023},
  organization = {InfoQ}
}

@misc{rustlangcommunity_2021_customizing,
  author       = {Rust Lang Community},
  month        = {02},
  title        = {{Customizing Builds with Release Profiles / The Rust Programming Language}},
  url          = {https://doc.rust-lang.org/book/ch14-01-release-profiles.html},
  urldate      = {2023-05-23},
  year         = {2021},
  organization = {Rust Lang Documentation}
}

@misc{webassemblycommunity_2023_gc,
  author       = {WebAssembly Community},
  month        = {05},
  title        = {{GC Proposal for WebAssembly}},
  url          = {https://github.com/WebAssembly/gc},
  urldate      = {2023-05-24},
  year         = {2023},
  organization = {GitHub / Wasm GC}
}

@misc{sekhar_2023_mobile,
  author       = {Sekhar, Vivek},
  month        = {03},
  publisher    = {Wasm I/O 2023},
  title        = {{Mobile app development with WebAssembly GC}},
  url          = {https://www.youtube.com/watch?v=fDNXomIn53Y},
  urldate      = {2023-05-24},
  year         = {2023},
  organization = {Wasm I/O 2023}
}

@misc{kotlin_2023_kotlin,
  author       = {Kotlin},
  month        = {05},
  title        = {{Kotlin Wasm | Kotlin}},
  url          = {https://kotlinlang.org/docs/wasm-overview.html},
  urldate      = {2023-05-24},
  year         = {2023},
  organization = {Kotlin}
}

@misc{gohman_2023_wasi,
  author       = {Gohman, Dan},
  month        = {05},
  title        = {{WASI roadmap}},
  url          = {https://github.com/WebAssembly/meetings/blob/main/wasi/2023/presentations/2023-02-09-gohman-wasi-roadmap.pdf},
  urldate      = {2023-05-24},
  year         = {2023},
  organization = {GitHub / WebAssembly Meetings Repository}
}

@misc{clark_2022_wasi,
  author       = {Clark, Lin},
  month        = {02},
  title        = {{WASI: a New Kind of System Interface}},
  url          = {https://www.infoq.com/presentations/wasi-system-interface},
  urldate      = {2023-05-24},
  year         = {2022},
  organization = {InfoQ / QCon plus}
}

@misc{gohman_2019_wasi,
  author       = {Gohman, Dan},
  month        = {11},
  title        = {{WASI overview}},
  url          = {https://github.com/bytecodealliance/wasmtime/blob/main/docs/WASI-overview.md},
  urldate      = {2023-05-24},
  year         = {2019},
  organization = {GitHub / Wasmtime Respository}
}

@misc{actixteam_actix,
  author       = {Actix Team},
  title        = {{Actix}},
  url          = {https://actix.rs},
  urldate      = {2023-05-25},
  organization = {actix.rs}
}

@misc{cloudflareinc_cloudflare,
  author       = {Cloudflare, Inc},
  title        = {{Cloudflare R2 | Zero Egress Distributed Object Storage}},
  url          = {https://www.cloudflare.com/en-gb/products/r2},
  urldate      = {2023-05-25},
  organization = {Cloudflare}
}

@misc{fastlyinc_serverless,
  author       = {Fastly, Inc},
  title        = {{Serverless Edge Compute Solutions | Fastly}},
  url          = {https://www.fastly.com/products/edge-compute},
  urldate      = {2023-05-25},
  organization = {www.fastly.com}
}

@misc{webinteroperableruntimescommunitygroup_wintercg,
  author       = {Web-interoperable Runtimes Community Group},
  title        = {{WinterCG}},
  url          = {https://wintercg.org},
  urldate      = {2023-05-25},
  organization = {Web-interoperable Runtimes Community Group}
}

@misc{honocommunity_2023_hono,
  author       = {Hono Community},
  month        = {05},
  title        = {{Hono - Ultrafast web framework for the Edges}},
  url          = {https://hono.dev},
  urldate      = {2023-05-25},
  year         = {2023},
  organization = {hono.dev}
}

@misc{fitzgerald_2020_webassembly,
  author       = {Fitzgerald, Nick},
  month        = {08},
  title        = {{WebAssembly Reference Types in Wasmtime}},
  url          = {https://fitzgeraldnick.com/2020/08/27/reference-types-in-wasmtime.html},
  urldate      = {2023-05-26},
  year         = {2020},
  organization = {fitzgeraldnick.com}
}

@misc{couriol_2020_webassembly,
  author       = {Couriol, Bruno},
  month        = {09},
  title        = {{WebAssembly Reference Types Implemented in wasmtime, Lets Wasm Modules Handle Complex Types}},
  url          = {https://www.infoq.com/news/2020/09/wasm-reference-types-wasmtime},
  urldate      = {2023-05-26},
  year         = {2020},
  organization = {InfoQ}
}

@misc{mozillafoundation_javascript,
  author       = {Mozilla Foundation},
  title        = {{JavaScript modules}},
  url          = {https://developer.mozilla.org/en-US/docs/Web/JavaScript/Guide/Modules},
  urldate      = {2023-05-29},
  organization = {MDN Web Docs / ES-Modules}
}

@misc{speedtestdemon_2021_cheat,
  author       = {Speed Test Demon},
  month        = {07},
  publisher    = {Speed Test Demon},
  title        = {{Cheat Sheet on Curl Performance Metrics: how to benchmark server latency with curl}},
  url          = {https://speedtestdemon.com/a-guide-to-curls-performance-metrics-how-to-analyze-a-speed-test-result},
  urldate      = {2023-05-30},
  year         = {2021},
  organization = {Speed Test Demon}
}

@misc{stenberg_curl,
  author       = {Stenberg, Daniel},
  title        = {{curl - Linux man page}},
  url          = {https://linux.die.net/man/1/curl},
  organization = {linux.die.net}
}

@article{patros2021sustainable,
  author  = {Patros, Panos and Spillner, Josef and Papadopoulos, Alessandro V. and Varghese, Blesson and Rana, Omer and Dustdar, Schahram},
  journal = {IEEE Internet Computing},
  title   = {Toward Sustainable Serverless Computing},
  year    = {2021},
  volume  = {25},
  number  = {6},
  pages   = {42-50},
  doi     = {10.1109/MIC.2021.3093105}
}

@misc{denis_2023_performance,
  author = {Denis, Frank},
  month = {01},
  title = {{Performance of WebAssembly runtimes in 2023}},
  url = {https://00f.net/2023/01/04/webassembly-benchmark-2023/},
  urldate = {2023-07-18},
  year = {2023},
  organization = {00f.net}
}

@phdthesis{stenbom_2019_meng,
  author = {Stenbom, Oliver},
  month = {06},
  title = {{MEng Individual Project Refunction: Eliminating Serverless Cold Starts Through Container Reuse}},
  url = {https://www.imperial.ac.uk/media/imperial-college/faculty-of-engineering/computing/public/1819-ug-projects/StenbomO-Refunction-Eliminating-Serverless-Cold-Starts-Through-Container-Reuse.pdf},
  urldate = {2023-07-22},
  year = {2019}
}

@misc{lin2019mitigating,
      title={Mitigating Cold Starts in Serverless Platforms: A Pool-Based Approach}, 
      author={Ping-Min Lin and Alex Glikson},
      year={2019},
      eprint={1903.12221},
      archivePrefix={arXiv},
      primaryClass={cs.DC}
}

@inproceedings {254430,
author = {Mohammad Shahrad and Rodrigo Fonseca and Inigo Goiri and Gohar Chaudhry and Paul Batum and Jason Cooke and Eduardo Laureano and Colby Tresness and Mark Russinovich and Ricardo Bianchini},
title = {Serverless in the Wild: Characterizing and Optimizing the Serverless Workload at a Large Cloud Provider},
booktitle = {2020 USENIX Annual Technical Conference (USENIX ATC 20)},
year = {2020},
isbn = {978-1-939133-14-4},
pages = {205--218},
url = {https://www.usenix.org/conference/atc20/presentation/shahrad},
publisher = {USENIX Association},
month = jul,
}

@misc{heisler_2023_criterionrs,
  author = {Heisler, Brook},
  month = {05},
  title = {{Criterion.rs: Statistics-driven benchmarking library for Rust}},
  url = {https://github.com/bheisler/criterion.rs},
  urldate = {2023-07-25},
  year = {2023},
  organization = {GitHub / Criterion.rs}
}

@misc{2016_apache,
  author = {The Apache Software Foundation},
  title = {{Apache OpenWhisk is a serverless, open source cloud platform}},
  url = {https://openwhisk.apache.org/},
  urldate = {2023-07-25},
  year = {2016},
  organization = {Apache.org}
}
